@article{ascarza_retention_2018,
	title={Retention Futility: Targeting High-Risk Customers Might be Ineffective},
	volume={55},
	ISSN={0022-2437, 1547-7193},
	DOI={10.1509/jmr.16.0163},
	note={74 citations (Semantic Scholar/DOI) [2021-03-26]},
	number={1},
	journal={Journal of Marketing Research},
	author={Ascarza, Eva},
	year={2018},
	month={Feb},
	pages={80–98} 
}

@article{Ehrlinger_2016,
	title={ggRandomForests: Exploring Random Forest Survival},
	url={http://arxiv.org/abs/1612.08974},
	journal={arXiv:1612.08974 [stat]},
	author={Ehrlinger, John},
	year={2016},
	month={Dec} 
}

@article{Breiman_2001,
	title={Random Forests},
	volume={45},
	ISSN={1573-0565},
	DOI={10.1023/A:1010933404324},
	number={1},
	journal={Machine Learning},
	author={Breiman, Leo},
	year={2001},
	month={Oct},
	pages={5–32} 
}

@book{Fotso_others_2019,
	title={PySurvival: Open source package for Survival Analysis modeling},
	url={https://www.pysurvival.io/},
	author={Fotso, Stephane and others},
	year={2019} 
}

@book{Pilon_2021,
	title={CamDavidsonPilon/lifelines},
	url={https://github.com/CamDavidsonPilon/lifelines},
	author={Davidson-Pilon, Cameron},
	year={2021},
	month={Mar} 
}

@article{Alboukaey_dynamic_2020,
	title = {Dynamic behavior based churn prediction in mobile telecom},
	journal = {Expert Systems with Applications},
	volume = {162},
	pages = {113779},
	year = {2020},
	issn = {0957-4174},
	doi = {https://doi.org/10.1016/j.eswa.2020.113779},
	url = {https://www.sciencedirect.com/science/article/pii/S0957417420306035},
	author = {Nadia Alboukaey and Ammar Joukhadar and Nada Ghneim},
	keywords = {Churn prediction, Mobile telecom, Machine learning, Deep learning, RFM, Dynamic behavior},
}

@article{antipov_applying_2010,
	title={Applying {CHAID} for logistic regression diagnostics and classification accuracy improvement},
	volume={18},
	issn={1479-1862},
	doi={10.1057/jt.2010.3},
	language={en},
	number={2},
	urldate={2020-11-02},
	journal={Journal of Targeting, Measurement and Analysis for Marketing},
	author={Antipov, Evgeny and Pokryshevskaya, Elena},
	month=jun,
	year={2010},
	pages={109--117},
}

@article{benoit_improving_2012,
	title={Improving customer retention in financial services using kinship network information},
	volume={39},
	issn={0957-4174},
	doi={10.1016/j.eswa.2012.04.016},
	language={en},
	number={13},
	urldate={2020-11-02},
	journal={Expert Systems with Applications},
	author={Benoit, Dries F. and Van den Poel, Dirk},
	month=oct,
	year={2012},
	keywords={Random forests, CRM, Predictive analytics, Financial services, Kinship network, Network based marketing, Social network analysis (SNA)},
	pages={11435--11442},
}
@article{burez_crm_2007,
	title={{CRM} at a pay-{TV} company: {Using} analytical models to reduce customer attrition by targeted marketing for subscription services},
	volume={32},
	issn={09574174},
	shorttitle={{CRM} at a pay-{TV} company},
	doi={10.1016/j.eswa.2005.11.037},
	language={en},
	number={2},
	urldate={2020-11-02},
	journal={Expert Systems with Applications},
	author={Burez, Jonathan and Van den Poel, Dirk},
	month=feb,
	year={2007},
	pages={277--288},
}


@article{coussement_improved_2010,
	title={Improved marketing decision making in a customer churn prediction context using generalized 
        additive models},
	volume={37},
	issn={0957-4174},
	doi={10.1016/j.eswa.2009.07.029},
	language={en},
	number={3},
	urldate={2020-11-02},
	journal={Expert Systems with Applications},
	author={Coussement, Kristof and Benoit, Dries F. and Van den Poel, Dirk},
	month=mar,
	year={2010},
	keywords={Churn modeling, Customer Relationship Management (CRM), Generalized Additive Models (GAM), Marketing decision making},
	pages={2132--2143},
}


@article{keramati_improved_2014,
	title={Improved churn prediction in telecommunication industry using data mining techniques},
	volume={24},
	issn={1568-4946},
	doi={10.1016/j.asoc.2014.08.041},
	language={en},
	urldate={2020-11-02},
	journal={Applied Soft Computing},
	author={Keramati, A. and Jafari-Marandi, R. and Aliannejadi, M. and Ahmadian, 
        I. and Mozaffari, M. and Abbasi, U.},
	month=nov,
	year={2014},
	keywords={Churn prediction, SVM, Decision tree, ANN, KNN, Telecommunication},
	pages={994--1012},
}


@article{verbeke_new_2012,
	title={New insights into churn prediction in the telecommunication sector: 
        {A} profit driven data mining approach},
	volume={218},
	issn={0377-2217},
	shorttitle={New insights into churn prediction in the telecommunication sector},
	doi={10.1016/j.ejor.2011.09.031},
	language={en},
	number={1},
	urldate={2020-11-02},
	journal={European Journal of Operational Research},
	author={Verbeke, Wouter and Dejaeger, Karel and Martens, David and Hur, Joon and Baesens, Bart},
	month=apr,
	year={2012},
	keywords={Data mining, Churn prediction, Oversampling, Input selection, Profit, Telecommunication sector},
	pages={211--229},
}


@article{devriendt_why_2019,
	title={Why you should stop predicting customer churn and start using uplift models},
	issn={0020-0255},
	doi={10.1016/j.ins.2019.12.075},
	language={en},
	urldate={2020-11-02},
	journal={Information Sciences},
	author={Devriendt, Floris and Berrevoets, Jeroen and Verbeke, Wouter},
	month=dec,
	year={2019},
	keywords={Customer retention, Customer churn prediction, Maximum profit, 
        Prescriptive analytics, Uplift modeling},
}


@article{xie_customer_2009,
	title={Customer churn prediction using improved balanced random forests},
	volume={36},
	issn={0957-4174},
	doi={10.1016/j.eswa.2008.06.121},
	language={en},
	number={3, Part 1},
	urldate={2020-11-02},
	journal={Expert Systems with Applications},
	author={Xie, Yaya and Li, Xiu and Ngai, E. W. T. and Ying, Weiyun},
	month=apr,
	year={2009},
	keywords={Churn prediction, Random forests, Imbalanced data},
	pages={5445--5449},
}

@article{coussement_churn_2008,
	title={Churn prediction in subscription services: {An} application of support vector machines 
        while comparing two parameter-selection techniques},
	volume={34},
	issn={0957-4174},
	shorttitle={Churn prediction in subscription services},
	doi={10.1016/j.eswa.2006.09.038},
	language={en},
	number={1},
	urldate={2020-11-02},
	journal={Expert Systems with Applications},
	author={Coussement, Kristof and Van den Poel, Dirk},
	month=jan,
	year={2008},
	keywords={Data mining, Churn prediction, Support vector machines, Parameter-selection technique, 
        Subscription services},
	pages={313--327},
}

@article{Hanson_Sugden_Alberts_2011, 
 	title={Making data maximally available}, 
	volume={331}, 
	ISSN={1095-9203}, 
	DOI={10.1126/science.1203354}, 
	number={6018}, 
	journal={Science (New York, N.Y.)}, 
	author={Hanson, Brooks and Sugden, Andrew and Alberts, Bruce}, 
	year={2011}, 
	month={Feb}, 
	pages={649} 
}


@article{azeem_churn_2017,
	title={A churn prediction model for prepaid customers in telecom using fuzzy classifiers},
	volume={66},
	issn={1018-4864, 1572-9451},
	doi={10.1007/s11235-017-0310-7},
	language={en},
	number={4},
	urldate={2020-11-02},
	journal={Telecommunication Systems},
	author={Azeem, Muhammad and Usman, Muhammad and Fong, A. C. M.},
	month=dec,
	year={2017},
	pages={603--614},
}

@article{alboukaey_dynamic_2020,
	title={Dynamic behavior based churn prediction in mobile telecom},
	volume={162},
	issn={0957-4174},
	doi={10.1016/j.eswa.2020.113779},
	language={en},
	urldate={2020-11-02},
	journal={Expert Systems with Applications},
	author={Alboukaey, Nadia and Joukhadar, Ammar and Ghneim, Nada},
	month=dec,
	year={2020},
	keywords={Machine learning, Churn prediction, Deep learning, Dynamic behavior, Mobile telecom, RFM},
	pages={113779},
}


@inproceedings{perianez_churn_2016,
	address={Montreal, QC, Canada},
	title={Churn {Prediction} in {Mobile} {Social} {Games}: {Towards} a {Complete} {Assessment} 
        {Using} {Survival} {Ensembles}},
	isbn={978-1-5090-5206-6},
	shorttitle={Churn {Prediction} in {Mobile} {Social} {Games}},
	doi={10.1109/DSAA.2016.84},
	urldate={2020-11-02},
	booktitle={2016 {IEEE} {International} {Conference} on {Data} {Science} and {Advanced} {Analytics} ({DSAA})},
	publisher={IEEE},
	author={Perianez, Africa and Saas, Alain and Guitart, Anna and Magne, Colin},
	month=oct,
	year={2016},
	pages={564--573},
}

@article{burez_separating_2008,
	title={Separating financial from commercial customer churn: {A} modeling step towards resolving 
        the conflict between the sales and credit department},
	volume={35},
	issn={09574174},
	shorttitle={Separating financial from commercial customer churn},
	doi={10.1016/j.eswa.2007.07.036},
	language={en},
	number={1-2},
	urldate={2020-11-02},
	journal={Expert Systems with Applications},
	author={Burez, J and Vandenpoel, D},
	month=jul,
	year={2008},
	pages={497--514},
}


@inproceedings{esteves_churn_2016,
	address={Porto, Portugal},
	title={Churn perdiction in the telecom business},
	isbn={978-1-5090-2641-8},
	doi={10.1109/ICDIM.2016.7829775},
	urldate={2020-11-02},
	booktitle={2016 {Eleventh} {International} {Conference} on {Digital} {Information} {Management} ({ICDIM})},
	publisher={IEEE},
	author={Esteves, Georgina and Mendes-Moreira, Joao},
	month=sep,
	year={2016},
	pages={254--259},
}


@article{coussement_comparative_2017,
	title={A comparative analysis of data preparation algorithms for customer churn prediction: {A} 
        case study in the telecommunication industry},
	volume={95},
	issn={0167-9236},
	shorttitle={A comparative analysis of data preparation algorithms for customer churn prediction},
	doi={10.1016/j.dss.2016.11.007},
	language={en},
	urldate={2020-11-02},
	journal={Decision Support Systems},
	author={Coussement, Kristof and Lessmann, Stefan and Verstraeten, Geert},
	month=mar,
	year={2017},
	keywords={Churn prediction, Data preparation techniques, Predictive analytics},
	pages={27--36},
}

@article{Athanassopoulos_2000, 
 	title={Customer Satisfaction Cues To Support Market Segmentation and Explain 
        Switching Behavior}, 
	 volume={47}, 
	 ISSN={0148-2963}, 
	 DOI={10.1016/S0148-2963(98)00060-5}, 
	 number={3}, 
	 journal={Journal of Business Research}, 
	 author={Athanassopoulos, Antreas D.}, 
	 year={2000}, 
	 month={Mar}, 
	 pages={191–207} 
}

@article{alboukaey_dynamic_2020,
	title={Dynamic behavior based churn prediction in mobile telecom},
	volume={162},
	issn={0957-4174},
	doi={10.1016/j.eswa.2020.113779},
	language={en},
	urldate={2020-11-02},
	journal={Expert Systems with Applications},
	author={Alboukaey, Nadia and Joukhadar, Ammar and Ghneim, Nada},
	month=dec,
	year={2020},
	keywords={Machine learning, Churn prediction, Deep learning, Dynamic behavior, Mobile telecom, RFM},
	pages={113779},
}

@article{Ascarza_Hardie_2013, 
	title={A Joint Model of Usage and Churn in Contractual Settings}, 
	volume={32}, 
	ISSN={0732-2399}, 
	DOI={10.1287/mksc.2013.0786}, 
	number={4}, 
	journal={Marketing Science}, 
	publisher={INFORMS}, 
	author={Ascarza, Eva and Hardie, Bruce G. S.}, 
	year={2013}, 
	month={May}, 
	pages={570–590} 
}

@article{risselada_staying_2010,
	title={Staying {Power} of {Churn} {Prediction} {Models}},
	volume={24},
	issn={1094-9968},
	doi={10.1016/j.intmar.2010.04.002},
	language={en},
	number={3},
	urldate={2020-11-02},
	journal={Journal of Interactive Marketing},
	author={Risselada, Hans and Verhoef, Peter C. and Bijmolt, Tammo H. A.},
	month=aug,
	year={2010},
	keywords={Churn prediction, Customer relationship management, Scoring models},
	pages={198--208}
}

@article{amin_customer_2017,
	title={Customer churn prediction in the telecommunication sector using a rough set approach},
	volume={237},
	issn={0925-2312},
	doi={10.1016/j.neucom.2016.12.009},
	language={en},
	urldate={2020-11-02},
	journal={Neurocomputing},
	author={Amin, Adnan and Anwar, Sajid and Adnan, Awais and Nawaz, Muhammad and Alawfi, Khalid and Hussain, Amir and Huang, Kaizhu},
	month=may,
	year={2017},
	keywords={Data mining, Churn prediction, Classification, Feature selection, Rough Set theory},
	pages={242--254}
}

@article{routh_estimating_2020,
	title={Estimating customer churn under competing risks},
	issn={0160-5682, 1476-9360},
	doi={10.1080/01605682.2020.1776166},
	language={en},
	urldate={2020-11-02},
	journal={Journal of the Operational Research Society},
	author={Routh, Pallav and Roy, Arkajyoti and Meyer, Jeff},
	month=aug,
	year={2020},
	pages={1--18}
}

@article{garcia_intelligent_2017,
	title={Intelligent data analysis approaches to churn as a business problem: a survey},
	volume={51},
	issn={0219-1377, 0219-3116},
	shorttitle={Intelligent data analysis approaches to churn as a business problem},
	doi={10.1007/s10115-016-0995-z},
	language={en},
	number={3},
	urldate={2020-11-02},
	journal={Knowledge and Information Systems}, 
	author={García, David L. and Nebot, Angela and Vellido, Alfredo},
	month=jun,
	year={2017},
	pages={719--774},
}

@article{devriendt_why_2019,
	title={Why you should stop predicting customer churn and start using uplift models},
	issn={0020-0255},
	doi={10.1016/j.ins.2019.12.075},
	language={en},
	urldate={2020-11-02},
	journal={Information Sciences},
	author={Devriendt, Floris and Berrevoets, Jeroen and Verbeke, Wouter},
	month=dec,
	year={2019},
	keywords={Customer retention, Customer churn prediction, Maximum profit, Prescriptive analytics, Uplift modeling},
}

@article{coussement_improving_2009,
	title={Improving customer attrition prediction by integrating emotions from client/company interaction emails and evaluating multiple classifiers},
	volume={36},
	issn={0957-4174},
	doi={10.1016/j.eswa.2008.07.021},
	language={en},
	number={3, Part 2},
	urldate={2020-11-02},
	journal={Expert Systems with Applications},
	author={Coussement, Kristof and Van den Poel, Dirk},
	month=apr,
	year={2009},
	keywords={Churn prediction, Classification, Subscription services, Support Vector Machines, Call center email, Random Forests},
	pages={6127--6134},
}
@article{hung_applying_2006,
	title={Applying data mining to telecom churn management},
	volume={31},
	issn={09574174},
	doi={10.1016/j.eswa.2005.09.080},
	language={en},
	number={3},
	urldate={2020-11-02},
	journal={Expert Systems with Applications},
	author={Hung, Shin-Yuan and Yen, David C. and Wang, Hsiu-Yu},
	month=oct,
	year={2006},
	pages={515--524}
}
@inproceedings{gok_case_2015,
	address={Paris, France},
	title={A {Case} {Study} for the {Churn} {Prediction} in {Turksat} {Internet} {Service} {Subscription}},
	isbn={978-1-4503-3854-7},
	doi={10.1145/2808797.2808821},
	language={en},
	urldate={2020-11-02},
	booktitle={Proceedings of the 2015 {IEEE}/{ACM} {International} {Conference} on {Advances} in {Social} {Networks} {Analysis} and {Mining} 2015 - {ASONAM} '15},
	publisher={ACM Press},
	author={Gök, Mehmet and Özyer, Tansel and Jida, Jamal},
	year={2015},
	pages={1220--1224},
	file={Gök et al_2015_A Case Study for the Churn Prediction in Turksat Internet Service Subscription.pdf:C\:\\nuvem\\OneDrive - Instituto Politécnico de Santarém\\zotero\\storage\\X2JNG338\\Gök et al_2015_A Case Study for the Churn Prediction in Turksat Internet Service Subscription.pdf:application/pdf}
}

@article{vijaya_sivasankar_2019, 
    title={An efficient system for customer churn prediction through particle swarm optimization based feature selection model with simulated annealing}, 
    volume={22}, 
    ISSN={1386-7857, 1573-7543},
    DOI={10.1007/s10586-017-1172-1}, 
    note={10 citations (Semantic Scholar/DOI) [2021-03-26]}, 
    number={S5}, 
    journal={Cluster Computing}, 
    author={Vijaya, J. and Sivasankar, E.}, 
    year={2019}, 
    month={Sep}, 
    pages={10757–10768} 
}

@article{wangmachine2017,
	title = {Machine Learning for Survival Analysis: A Survey},
	author = {{Wang}, {Ping} and {Li}, {Yan} and {Reddy}, {Chandan K.}},
	year = {2017},
	month = {08},
	date = {2017-08-15},
	journal = {arXiv:1708.04649 [cs, stat]},
	url = {http://arxiv.org/abs/1708.04649},
	langid = {en}
}

@article{scrucca2016,
	title = {mclust 5: Clustering, Classification and Density Estimation Using Gaussian Finite Mixture Models},
	author = {{Scrucca}, {Luca} and {Fop}, {Michael} and {Murphy}, {T.,Brendan} and {Raftery}, {Adrian,E.}},
	year = {2016},
	date = {2016},
	journal = {The R Journal},
	pages = {289},
	volume = {8},
	number = {1},
	doi = {10.32614/RJ-2016-021},
	url = {https://journal.r-project.org/archive/2016/RJ-2016-021/index.html},
	langid = {en}
}

@inbook{schwartz2015,
	title = {Predicting individual well-being through the language of social media},
	author = {{Schwartz}, {H. Andrew} and {Sap}, {Maarten} and {Kern}, {Margaret L.} and {Eichstaedt}, {Johannes C.} and {Kapelner}, {Adam} and {Agrawal}, {Megha} and {Blanco}, {Eduardo} and {Dziurzynski}, {Lukasz} and {Park}, {Gregory} and {Stillwell}, {David} and {Kosinski}, {Michal} and {Seligman}, {Martin E.p.} and {Ungar}, {Lyle H.}},
	year = {2015},
	month = {11},
	date = {2015-11-18},
	publisher = {WORLD SCIENTIFIC},
	pages = {516--527},
	url = {https://www.worldscientific.com/doi/abs/10.1142/9789814749411_0047}
}

@article{schwarz1978,
	title = {Estimating the Dimension of a Model},
	author = {{Schwarz}, {Gideon}},
	year = {1978},
	date = {1978},
	journal = {The Annals of Statistics},
	pages = {461--464},
	volume = {6},
	number = {2},
	url = {https://www.jstor.org/stable/2958889}
}

@article{akogul2016,
	title = {A Comparison of Information Criteria in Clustering Based on Mixture of Multivariate Normal Distributions},
	author = {{Akogul}, {Serkan} and {Erisoglu}, {Murat}},
	year = {2016},
	month = {09},
	date = {2016-09},
	journal = {Mathematical and Computational Applications},
	pages = {34},
	volume = {21},
	number = {3},
	doi = {10.3390/mca21030034},
	url = {https://www.mdpi.com/2297-8747/21/3/34}
}


@article{mclust_scrucca_2016,
    title = {{mclust} 5: clustering, classification and density estimation using {G}au ssian finite mixture models},
    author = {Luca Scrucca and Michael Fop and T. Brendan Murphy and Adrian E. Raftery },
    journal = {The {R} Journal},
    year = {2016},
    volume = {8},
    number = {1},
    pages = {289--317},
    url = {https://doi.org/10.32614/RJ-2016-021},
  }


@article{Bland_Altman_1998, 
    title={Survival probabilities (the Kaplan-Meier method)}, 
    volume={317}, 
    ISSN={0959-8138}, 
    note={00553}, 
    number={7172}, 
    journal={BMJ (Clinical research ed.)}, 
    author={Bland, J. M. and Altman, D. G.}, 
    year={1998}, 
    month={Dec}, 
    pages={1572} 
}


@article{Singer_Willett_1993, 
    title={It’s About Time: Using Discrete-Time Survival Analysis to Study Duration and the Timing of Events}, 
    volume={18}, 
    ISSN={0362-9791}, 
    DOI={10.3102/10769986018002155}, 
    note={00865}, 
    number={2}, 
    journal={Journal of Educational Statistics}, 
    author={Singer, Judith D. and Willett, John B.}, 
    year={1993}, 
    month={Jun}, 
    pages={155–195} 
}

@article{Schober_Vetter_2018, 
    title={Survival Analysis and Interpretation of Time-to-Event Data: The Tortoise and the Hare}, 
    volume={127}, 
    ISSN={0003-2999}, 
    DOI={10.1213/ANE.0000000000003653}, 
    note={00005}, 
    number={3}, 
    journal={Anesthesia and Analgesia}, 
    author={Schober, Patrick and Vetter, Thomas R.}, 
    year={2018}, 
    month={Sep}, 
    pages={792–798} 
}

@article{Stensrud_Hernán_2020, 
    title={Why Test for Proportional Hazards?}, 
    volume={323}, 
    ISSN={0098-7484}, 
    DOI={10.1001/jama.2020.1267}, 
    number={14}, 
    journal={JAMA}, 
    publisher={American Medical Association}, 
    author={Stensrud, Mats J. and Hernán, Miguel A.}, 
    year={2020}, 
    month={Apr}, 
    pages={1401–1402} 
}

@article{Schober2018Survival,
    journal={Anesthesia and Analgesia},
    doi={10.1213/ANE.0000000000003653},
    issn={0003-2999},
    number=3,
    title={Survival Analysis and Interpretation of Time-to-Event Data: The Tortoise and the Hare},
    volume=127,
    author={Schober, Patrick and Vetter, Thomas R.},
    pages={792--798},
    date={2018-09},
    year=2018,
    month=9,
}

@article{Breiman_2001, 
    title={Random Forests}, 
    volume={45},
    ISSN={1573-0565}, 
    DOI={10.1023/A:1010933404324}, 
    number={1}, 
    journal={Machine Learning}, 
    author={Breiman, Leo}, 
    year={2001}, 
    month={Oct}, 
    pages={5–32} 
}

@article{Copeland_1923, 
    title={Relation of consumers’ buying habits to marketing methods}, 
    volume={1}, 
    note={01117}, 
    number={3}, 
    journal={Harvard business review}, 
    author={Copeland, Melvin T}, 
    year={1923}, 
    pages={282–289} 
}

@article{Mellens_Dekimpe_Steenkamp_1996, 
    title={A review of brand-loyalty measures in marketing}, 
    volume={41}, 
    note={00336}, 
    number={4}, 
    journal={Review of Business and Economic Literature}, 
    author={Mellens, Martin and Dekimpe, Marnik and Steenkamp, JBEM}, 
    year={1996}, 
    pages={507–533} 
}

@article{Fornell_Wernerfelt_1987, 
    title={Defensive Marketing Strategy by Customer Complaint Management: A Theoretical Analysis}, 
    volume={24}, 
    ISSN={0022-2437}, 
    DOI={10.2307/3151381}, 
    note={01918}, 
    number={4}, 
    journal={Journal of Marketing Research}, 
    author={Fornell, Claes and Wernerfelt, Birger}, 
    year={1987}, 
    pages={337–346} 
}

@article{Edward_Sahadev_2011, 
    title={Role of switching costs in the service quality, perceived value, customer 
           satisfaction and customer retention linkage}, 
    volume={23}, 
    ISSN={1355-5855}, 
    DOI={10.1108/13555851111143240}, 
    note={00132}, 
    number={3}, 
    journal={Asia Pacific Journal of Marketing and Logistics}, 
    author={Edward, Manoj and Sahadev, Sunil}, 
    year={2011}, 
    month={Jun}, 
    pages={327–345} 
}

@article{Reichheld_1996, 
    title={Learning from Customer Defections}, 
    volume={74}, 
    ISSN={0017-8012}, 
    abstractNote={The customers you lose hold the information you need to succeed.}, 
    note={01606}, 
    number={2}, 
    journal={Harvard Business Review}, 
    author={Reichheld, Frederick F.}, 
    year={1996}, 
    month={Apr}, 
    pages={56–67} 
}

@article{Gupta2006Modeling,
	journal={Journal of Service Research},
	doi={10.1177/1094670506293810},
	issn={1094-6705},
	number=2,
	language={en},
	title={Modeling Customer Lifetime Value},
	volume=9,
	author={Gupta, Sunil and Hanssens, Dominique and Hardie, Bruce and Kahn, Wiliam and Kumar, V. and Lin, Nathaniel and Ravishanker, Nalini and Sriram, S.},
	pages={139--155},
	date={2006-11-01},
	year=2006,
	month=11,
	day=1,
}

@article{Ishwaran_Kogalur_Blackstone_Lauer_2008, 
    title={Random survival forests}, 
    volume={2}, 
    ISSN={1932-6157, 1941-7330}, 
    DOI={10.1214/08-AOAS169}, 
    note={00683 Zbl: 1149.62331}, 
    number={3}, 
    journal={The Annals of Applied Statistics}, 
    author={Ishwaran, Hemant and Kogalur, Udaya B. and Blackstone, Eugene H. and Lauer, Michael S.}, 
    year={2008}, 
    month={Sep}, 
    pages={841–860} 
}

@article{Saunders_1980, 
    title={Cluster Analysis for Market Segmentation}, 
    volume={14}, 
    ISSN={0309-0566}, 
    DOI={10.1108/EUM0000000004918}, 
    number={7}, 
    journal={European Journal of Marketing}, 
    author={Saunders, J.a.}, 
    year={1980}, 
    month={Jul}, 
    pages={422–435} 
}

@article{JafariMarandi_Denton_Idris_Smith_Keramati_2020, 
    title={Optimum profit-driven churn decision making: innovative artificial neural networks in 
           telecom industry}, 
    volume={32}, 
    ISSN={0941-0643, 1433-3058}, 
    DOI={10.1007/s00521-020-04850-6}, 
    note={1 citations (Semantic Scholar/DOI) [2021-05-02] 1 citations (Crossref) [2021-05-02]}, 
    number={18}, 
    journal={Neural Computing and Applications}, 
    author={Jafari-Marandi, Ruholla and Denton, Joshua and Idris, Adnan and Smith, Brian K. and Keramati, Abbas},
    year={2020}, 
    month={Sep}, 
    pages={14929–14962}, 
    language={en} 
}

@book{Berry_Linoff_2004,
    address={Indianapolis, Ind},
    edition={2nd ed},
    title={Data mining techniques: for marketing, sales, and customer relationship management},
    ISBN={978-0-471-47064-9},
    callNumber={HF5415.125 .B47 2004},
    note={01692},
    publisher={Wiley Pub},
    author={Berry, Michael J. A. and Linoff, Gordon},
    year={2004},
    language={en}
}


@article{Verbeke_Martens_Mues_Baesens_2011, 
    title={Building comprehensible customer churn prediction models with advanced rule induction techniques},
    volume={38},
    ISSN={0957-4174},
    DOI={10.1016/j.eswa.2010.08.023},
    number={3},
    journal={Expert Systems with Applications},
    author={Verbeke, Wouter and Martens, David and Mues, Christophe and Baesens, Bart},
    year={2011},
    month={Mar},
    pages={2354–2364},
    language={en}
}

@article{bhattacharya_1998, 
 	title={When customers are members: Customer retention in paid membership contexts}, 
	volume={26}, 
	ISSN={1552-7824}, 
	DOI={10.1177/0092070398261004}, 
	number={1}, 
	journal={Journal of the Academy of Marketing Science}, 
	author={Bhattacharya, C. B.}, 
	year={1998}, 
	month={Dec}, 
	pages={31}
}

@article{neslin_gupta_kamakura_lu_mason_2006, 
 	title={Defection Detection: Measuring and Understanding the Predictive Accuracy of Customer Churn Models}, 
	volume={43}, 
	ISSN={0022-2437}, 
	DOI={10.1509/jmkr.43.2.204}, 
	number={2}, 
	journal={Journal of Marketing Research}, 
	publisher={SAGE Publications Inc}, 
	author={Neslin, Scott A. and Gupta, Sunil and Kamakura, Wagner and Lu, Junxiang and Mason, Charlotte H.}, 
	year={2006}, 
	month={May}, 
	pages={204–211} 
}
