@article{Ascarza_2018,
	title={Retention Futility: Targeting High-Risk Customers Might be Ineffective},
	volume={55},
	ISSN={0022-2437, 1547-7193},
	DOI={10.1509/jmr.16.0163},
	note={74 citations (Semantic Scholar/DOI) [2021-03-26]},
	number={1},
	journal={Journal of Marketing Research},
	author={Ascarza, Eva},
	year={2018},
	month={Feb},
	pages={80–98} 
}

@article{Ehrlinger_2016,
	title={ggRandomForests: Exploring Random Forest Survival},
	url={http://arxiv.org/abs/1612.08974},
	journal={arXiv:1612.08974 [stat]},
	author={Ehrlinger, John},
	year={2016},
	month={Dec} 
}

@article{Breiman_2001,
	title={Random Forests},
	volume={45},
	ISSN={1573-0565},
	DOI={10.1023/A:1010933404324},
	number={1},
	journal={Machine Learning},
	author={Breiman, Leo},
	year={2001},
	month={Oct},
	pages={5–32} 
}

@book{Fotso_others_2019,
	title={PySurvival: Open source package for Survival Analysis modeling},
	url={https://www.pysurvival.io/},
	author={Fotso, Stephane and others},
	year={2019} 
}

@book{Davidson-Pilon_2021,
	title={CamDavidsonPilon/lifelines},
	url={https://github.com/CamDavidsonPilon/lifelines},
	author={Davidson-Pilon, Cameron},
	year={2021},
	month={Mar} 
}
